<record><leader>00000cas a22000007a 4500</leader><controlfield tag="001">10082895</controlfield><controlfield tag="008">831102d186418uulauwr ne      0   a0eng d</controlfield><datafield ind1=" " ind2=" " tag="010"><subfield code="a">sn 83026410 </subfield></datafield><datafield ind1=" " ind2=" " tag="040"><subfield code="a">NPV</subfield><subfield code="b">eng</subfield><subfield code="c">NPV</subfield><subfield code="d">OCLCQ</subfield></datafield><datafield ind1=" " ind2=" " tag="042"><subfield code="a">msc</subfield></datafield><datafield ind1=" " ind2=" " tag="043"><subfield code="a">n-us-la</subfield></datafield><datafield ind1=" " ind2=" " tag="045"><subfield code="a">w6w-</subfield></datafield><datafield ind1=" " ind2=" " tag="052"><subfield code="a">4013</subfield><subfield code="b">R3</subfield></datafield><datafield ind1="0" ind2="4" tag="245"><subfield code="a">The Red River rover.</subfield></datafield><datafield ind1=" " ind2=" " tag="260"><subfield code="a">[S.l. :</subfield><subfield code="b">s.n.],</subfield><subfield code="c">1864-</subfield></datafield><datafield ind1=" " ind2=" " tag="300"><subfield code="a">v. ;</subfield><subfield code="c">32 cm.</subfield></datafield><datafield ind1=" " ind2=" " tag="310"><subfield code="a">Weekly</subfield></datafield><datafield ind1="0" ind2=" " tag="362"><subfield code="a">Mar. 21, 1864-</subfield></datafield><datafield ind1=" " ind2=" " tag="500"><subfield code="a">"Printed on board steamer DesMoines."</subfield></datafield><datafield ind1=" " ind2=" " tag="500"><subfield code="a">Editor: &lt;March 21, 1864&gt; C.E. Redfield.</subfield></datafield><datafield ind1=" " ind2=" " tag="580"><subfield code="a">"It is printed on the material of the Louisiana Democrat of Alexandria."</subfield></datafield><datafield ind1="1" ind2=" " tag="700"><subfield code="a">Redfield, C. E.</subfield></datafield><datafield ind1="2" ind2=" " tag="710"><subfield code="a">Steamer DesMoines.</subfield></datafield><datafield ind1=" " ind2=" " tag="752"><subfield code="a">United States</subfield><subfield code="b">Louisiana</subfield><subfield code="c">Rapides</subfield><subfield code="d">Alexandria.</subfield></datafield><datafield ind1="1" ind2=" " tag="787"><subfield code="t">Louisiana Democrat</subfield></datafield><datafield ind1="1" ind2=" " tag="029"><subfield code="a">AU@</subfield><subfield code="b">000025819492</subfield></datafield></record>